@article{vizcaya_2018,
  title={Damage-responsive elements in Drosophila regeneration},
  author={Vizcaya-Molina, Elena and Klein, Cecilia C and Serras, Florenci and Mishra, Rakesh K and Guig{\'o}, Roderic and Corominas, Montserrat},
  journal={Genome research},
  volume={28},
  number={12},
  pages={1852--1866},
  year={2018},
  publisher={Cold Spring Harbor Lab}
}
@article{elhacham2020global,
  title={Global human-made mass exceeds all living biomass},
  author={Elhacham, Emily and Ben-Uri, Liad and Grozovski, Jonathan and Bar-On, Yinon M and Milo, Ron},
  journal={Nature},
  volume={588},
  number={7838},
  pages={442--444},
  year={2020},
  publisher={Nature Publishing Group}
}
@article{bar2018biomass,
  title={The biomass distribution on Earth},
  author={Bar-On, Yinon M and Phillips, Rob and Milo, Ron},
  journal={Proceedings of the National Academy of Sciences},
  volume={115},
  number={25},
  pages={6506--6511},
  year={2018},
  publisher={National Acad Sciences}
}
@book{jester2014twentieth,
  title={Twentieth-century building materials: History and conservation},
  author={Jester, Thomas C},
  year={2014},
  publisher={Getty Publications}
}
@article{laffarga1997resena,
  title={Rese{\~n}a hist{\'o}rica de los materiales de construcci{\'o}n},
  author={Laffarga-Osteret, Jos{\'e} and Olivares-Santiago, Manuel},
  year={1997},
  publisher={Servicio de Publicaciones de la Universidad de Navarra}
}
@book{calkins2008materials,
  title={Materials for sustainable sites: a complete guide to the evaluation, selection, and use of sustainable construction materials},
  author={Calkins, Meg},
  year={2008},
  publisher={John Wiley \& Sons}
}
@article{krausmann2018resource,
  title={From resource extraction to outflows of wastes and emissions: The socioeconomic metabolism of the global economy, 1900--2015},
  author={Krausmann, Fridolin and Lauk, Christian and Haas, Willi and Wiedenhofer, Dominik},
  journal={Global Environmental Change},
  volume={52},
  pages={131--140},
  year={2018},
  publisher={Elsevier}
}
@article{valero2018global,
  title={Global material requirements for the energy transition. An exergy flow analysis of decarbonisation pathways},
  author={Valero, Alicia and Valero, Antonio and Calvo, Guiomar and Ortego, Abel and Ascaso, Sonia and Palacios, Jose-Luis},
  journal={Energy},
  volume={159},
  pages={1175--1184},
  year={2018},
  publisher={Elsevier}
}
@article{krausmann2009growth,
  title={Growth in global materials use, GDP and population during the 20th century},
  author={Krausmann, Fridolin and Gingrich, Simone and Eisenmenger, Nina and Erb, Karl-Heinz and Haberl, Helmut and Fischer-Kowalski, Marina and others},
  journal={Ecological economics},
  volume={68},
  number={10},
  pages={2696--2705},
  year={2009},
  publisher={Elsevier Science}
}
@article{smil2000energy,
  title={Energy in the twentieth century: resources, conversions, costs, uses, and consequences},
  author={Smil, Vaclav},
  journal={Annual Review of Energy and the Environment},
  volume={25},
  number={1},
  pages={21--51},
  year={2000},
  publisher={Annual Reviews 4139 El Camino Way, PO Box 10139, Palo Alto, CA 94303-0139, USA}
}
@article{grinin202220th,
  title={20th Century revolutions: characteristics, types, and waves},
  author={Grinin, Leonid and Grinin, Anton and Korotayev, Andrey},
  journal={Humanities and Social Sciences Communications},
  volume={9},
  number={1},
  pages={1--13},
  year={2022},
  publisher={Palgrave}
}
@article{buchanan2019history,
  title={History of technology},
  author={Buchanan, Robert Angus},
  journal={Dostupno: https://www. britannica. com/technology/history-of-technology.[Pristup: 5. 3. 2017]},
  year={2019}
}
@book{sill1947american,
  title={American Miracle: The Story of War Construction Around the World},
  author={Sill, Van Rensselaer},
  year={1947},
  publisher={Odyssey Press}
}
@article{harwood1969emergence,
  title={Emergence of the field and early hopes},
  author={Harwood, Julius J},
  journal={Materials science and engineering in the United States},
  pages={1--10},
  year={1969},
  publisher={Pennsylvania State University Press University Park}
}
@book{erlich1986our,
  title={With Our Hands: the story of carpenters in Massachusetts},
  author={Erlich, Mark},
  year={1986},
  publisher={Temple University Press}
}
@article{ross20131973,
  title={How the 1973 oil embargo saved the planet},
  author={Ross, Michael L},
  journal={Foreign Affairs},
  volume={15},
  pages={16},
  year={2013}
}
@article{issawi19781973,
  title={The 1973 oil crisis and after},
  author={Issawi, Charles},
  journal={Journal of Post Keynesian Economics},
  volume={1},
  number={2},
  pages={3--26},
  year={1978},
  publisher={Taylor \& Francis}
}
@book{wagner2009organization,
  title={The Organization of the Petroleum Exporting Countries},
  author={Wagner, Heather Lehr},
  year={2009},
  publisher={Infobase Publishing}
}
@misc{koehler1955plastics,
  title={Plastics in Buildings},
  author={Koehler, Charles R},
  year={1955},
  publisher={Building Research Institute, National Academy of Sciences and National~â€¦}
}
@book{lopez1993ciudad,
  title={Ciudad y urbanismo a finales del siglo XX},
  author={L{\'o}pez de Lucio, Ram{\'o}n},
  year={1993},
  publisher={Universitat de Valencia, Servicio de publicaciones}
}
@book{agueda2016historia,
  title={Historia urbana, historia urban{\'\i}stica: Europa, siglo XX},
  author={{\'A}gueda, Beatriz Fern{\'a}ndez},
  year={2016},
  publisher={Instituto de Urban{\'\i}stica, Universidad de Valladolid}
}
@book{lepage2015atlas,
  title={Atlas mondial du nucl{\'e}aire. Une {\'e}tape dans la transition {\'e}nerg{\'e}tique},
  author={Lepage, Corinne},
  year={2015},
  publisher={Autrement}
}
